@article{krizhevsky2012imagenet,
  author =        {Krizhevsky, Alex and Sutskever, Ilya and
                   Hinton, Geoffrey E},
  journal =       {Advances in neural information processing systems},
  title =         {Imagenet classification with deep convolutional
                   neural networks},
  volume =        {25},
  year =          {2012},
}

@article{lecun2015deep,
  author =        {LeCun, Yann and Bengio, Yoshua and Hinton, Geoffrey},
  journal =       {nature},
  number =        {7553},
  pages =         {436--444},
  publisher =     {Nature Publishing Group UK London},
  title =         {Deep learning},
  volume =        {521},
  year =          {2015},
}

@article{schmidhuber2015deep,
  author =        {Schmidhuber, J{\"u}rgen},
  journal =       {Neural networks},
  pages =         {85--117},
  publisher =     {Elsevier},
  title =         {Deep learning in neural networks: An overview},
  volume =        {61},
  year =          {2015},
}

@inproceedings{szegedy2015going,
  author =        {Szegedy, Christian and Liu, Wei and Jia, Yangqing and
                   Sermanet, Pierre and Reed, Scott and
                   Anguelov, Dragomir and Erhan, Dumitru and
                   Vanhoucke, Vincent and Rabinovich, Andrew},
  booktitle =     {Proceedings of the IEEE conference on computer vision
                   and pattern recognition},
  pages =         {1--9},
  title =         {Going deeper with convolutions},
  year =          {2015},
}

@book{goodfellow2016deep,
  author =        {Goodfellow, Ian and Bengio, Yoshua and
                   Courville, Aaron},
  publisher =     {MIT press},
  title =         {Deep learning},
  year =          {2016},
}

@article{bronstein2017geometric,
  author =        {Bronstein, Michael M and Bruna, Joan and LeCun, Yann and
                   Szlam, Arthur and Vandergheynst, Pierre},
  journal =       {IEEE Signal Processing Magazine},
  number =        {4},
  pages =         {18--42},
  publisher =     {IEEE},
  title =         {Geometric deep learning: going beyond euclidean data},
  volume =        {34},
  year =          {2017},
}

@book{sejnowski2018deep,
  author =        {Sejnowski, Terrence J},
  publisher =     {MIT press},
  title =         {The deep learning revolution},
  year =          {2018},
}

@article{liu2021survey,
  author =        {Liu, Yang and Sun, Peng and Wergeles, Nickolas and
                   Shang, Yi},
  journal =       {Expert Systems with Applications},
  pages =         {114602},
  publisher =     {Elsevier},
  title =         {A survey and performance evaluation of deep learning
                   methods for small object detection},
  volume =        {172},
  year =          {2021},
}

@article{zaidi2022survey,
  author =        {Zaidi, Syed Sahil Abbas and Ansari, Mohammad Samar and
                   Aslam, Asra and Kanwal, Nadia and Asghar, Mamoona and
                   Lee, Brian},
  journal =       {Digital Signal Processing},
  pages =         {103514},
  publisher =     {Elsevier},
  title =         {A survey of modern deep learning based object
                   detection models},
  volume =        {126},
  year =          {2022},
}

@article{doshi2017towards,
  author =        {Doshi-Velez, Finale and Kim, Been},
  journal =       {arXiv preprint arXiv:1702.08608},
  title =         {Towards a rigorous science of interpretable machine
                   learning},
  year =          {2017},
}

@article{samek2017explainable,
  author =        {Samek, Wojciech and Wiegand, Thomas and
                   M{\"u}ller, Klaus-Robert},
  journal =       {arXiv preprint arXiv:1708.08296},
  title =         {Explainable artificial intelligence: Understanding,
                   visualizing and interpreting deep learning models},
  year =          {2017},
}

@inproceedings{gilpin2018explaining,
  author =        {Gilpin, Leilani H and Bau, David and Yuan, Ben Z and
                   Bajwa, Ayesha and Specter, Michael and Kagal, Lalana},
  booktitle =     {2018 IEEE 5th International Conference on data
                   science and advanced analytics (DSAA)},
  organization =  {IEEE},
  pages =         {80--89},
  title =         {Explaining explanations: An overview of
                   interpretability of machine learning},
  year =          {2018},
}

@article{carvalho2019machine,
  author =        {Carvalho, Diogo V and Pereira, Eduardo M and
                   Cardoso, Jaime S},
  journal =       {Electronics},
  number =        {8},
  pages =         {832},
  publisher =     {MDPI},
  title =         {Machine learning interpretability: A survey on
                   methods and metrics},
  volume =        {8},
  year =          {2019},
}

@article{zhou2021evaluating,
  author =        {Zhou, Jianlong and Gandomi, Amir H and Chen, Fang and
                   Holzinger, Andreas},
  journal =       {Electronics},
  number =        {5},
  pages =         {593},
  publisher =     {MDPI},
  title =         {Evaluating the quality of machine learning
                   explanations: A survey on methods and metrics},
  volume =        {10},
  year =          {2021},
}

@inproceedings{cooper2022accountability,
  author =        {Cooper, A Feder and Moss, Emanuel and
                   Laufer, Benjamin and Nissenbaum, Helen},
  booktitle =     {Proceedings of the 2022 ACM Conference on Fairness,
                   Accountability, and Transparency},
  pages =         {864--876},
  title =         {Accountability in an algorithmic society:
                   relationality, responsibility, and robustness in
                   machine learning},
  year =          {2022},
}

@article{ferri2009experimental,
  author =        {Ferri, C{\'e}sar and Hern{\'a}ndez-Orallo, Jos{\'e} and
                   Modroiu, R},
  journal =       {Pattern recognition letters},
  number =        {1},
  pages =         {27--38},
  publisher =     {Elsevier},
  title =         {An experimental comparison of performance measures
                   for classification},
  volume =        {30},
  year =          {2009},
}

@article{perrault2024artificial,
  author =        {Perrault, Ray and Clark, Jack},
  title =         {Artificial Intelligence Index Report 2024},
  year =          {2024},
}

@article{altman1994statistics,
  author =        {Altman, Douglas G and Bland, J Martin},
  journal =       {Bmj},
  number =        {6947},
  pages =         {102},
  publisher =     {British Medical Journal Publishing Group},
  title =         {Statistics Notes: Diagnostic tests 2: predictive
                   values},
  volume =        {309},
  year =          {1994},
}

@book{fletcher2019clinical,
  author =        {Fletcher, Grant S},
  publisher =     {Lippincott Williams \& Wilkins},
  title =         {Clinical epidemiology: the essentials},
  year =          {2019},
}

@article{kononenko2001machine,
  author =        {Kononenko, Igor},
  journal =       {Artificial Intelligence in medicine},
  number =        {1},
  pages =         {89--109},
  publisher =     {Elsevier},
  title =         {Machine learning for medical diagnosis: history,
                   state of the art and perspective},
  volume =        {23},
  year =          {2001},
}

@inproceedings{ahsan2022machine,
  author =        {Ahsan, Md Manjurul and Luna, Shahana Akter and
                   Siddique, Zahed},
  booktitle =     {Healthcare},
  number =        {3},
  organization =  {MDPI},
  pages =         {541},
  title =         {Machine-learning-based disease diagnosis: A
                   comprehensive review},
  volume =        {10},
  year =          {2022},
}

@article{ashtiani2021intelligent,
  author =        {Ashtiani, Matin N and Raahemi, Bijan},
  journal =       {Ieee Access},
  pages =         {72504--72525},
  publisher =     {IEEE},
  title =         {Intelligent fraud detection in financial statements
                   using machine learning and data mining: a systematic
                   literature review},
  volume =        {10},
  year =          {2021},
}

@article{ali2022financial,
  author =        {Ali, Abdulalem and Abd Razak, Shukor and
                   Othman, Siti Hajar and Eisa, Taiseer Abdalla Elfadil and
                   Al-Dhaqm, Arafat and Nasser, Maged and
                   Elhassan, Tusneem and Elshafie, Hashim and
                   Saif, Abdu},
  journal =       {Applied Sciences},
  number =        {19},
  pages =         {9637},
  publisher =     {MDPI},
  title =         {Financial fraud detection based on machine learning:
                   a systematic literature review},
  volume =        {12},
  year =          {2022},
}

@article{yang1999evaluation,
  author =        {Yang, Yiming},
  journal =       {Information retrieval},
  number =        {1-2},
  pages =         {69--90},
  publisher =     {Springer},
  title =         {An evaluation of statistical approaches to text
                   categorization},
  volume =        {1},
  year =          {1999},
}

@article{sebastiani2002machine,
  author =        {Sebastiani, Fabrizio},
  journal =       {ACM computing surveys (CSUR)},
  number =        {1},
  pages =         {1--47},
  publisher =     {ACM New York, NY, USA},
  title =         {Machine learning in automated text categorization},
  volume =        {34},
  year =          {2002},
}

@article{zhu2004recall,
  author =        {Zhu, Mu},
  journal =       {Department of Statistics and Actuarial Science,
                   University of Waterloo, Waterloo},
  number =        {30},
  pages =         {6},
  title =         {Recall, precision and average precision},
  volume =        {2},
  year =          {2004},
}

@inproceedings{he2018local,
  author =        {He, Kun and Lu, Yan and Sclaroff, Stan},
  booktitle =     {Proceedings of the IEEE conference on computer vision
                   and pattern recognition},
  pages =         {596--605},
  title =         {Local descriptors optimized for average precision},
  year =          {2018},
}

@article{han2014rule,
  author =        {Han, Longfei and Luo, Senlin and Yu, Jianmin and
                   Pan, Limin and Chen, Songjing},
  journal =       {IEEE journal of biomedical and health informatics},
  number =        {2},
  pages =         {728--734},
  publisher =     {IEEE},
  title =         {Rule extraction from support vector machines using
                   ensemble learning approach: an application for
                   diagnosis of diabetes},
  volume =        {19},
  year =          {2014},
}

@article{yerushalmy1947statistical,
  author =        {Yerushalmy, Jacob},
  journal =       {Public Health Reports (1896-1970)},
  pages =         {1432--1449},
  publisher =     {JSTOR},
  title =         {Statistical problems in assessing methods of medical
                   diagnosis, with special reference to X-ray
                   techniques},
  year =          {1947},
}

@article{altman1994diagnostic,
  author =        {Altman, Douglas G and Bland, J Martin},
  journal =       {BMJ: British Medical Journal},
  number =        {6943},
  pages =         {1552},
  publisher =     {BMJ Publishing Group},
  title =         {Diagnostic tests. 1: Sensitivity and specificity.},
  volume =        {308},
  year =          {1994},
}

@inproceedings{rosenberg2012classifying,
  author =        {Rosenberg, Andrew},
  booktitle =     {Thirteenth Annual Conference of the International
                   Speech Communication Association},
  title =         {Classifying skewed data: Importance weighting to
                   optimize average recall},
  year =          {2012},
}

@article{yang2020edgernn,
  author =        {Yang, Shunzhi and Gong, Zheng and Ye, Kai and
                   Wei, Yungen and Huang, Zhenhua and Huang, Zheng},
  journal =       {IEEE Access},
  pages =         {81468--81478},
  publisher =     {IEEE},
  title =         {EdgeRNN: a compact speech recognition network with
                   spatio-temporal features for edge computing},
  volume =        {8},
  year =          {2020},
}

@article{gordon1988effect,
  author =        {Gordon, Randall A and Rozelle, Richard M and
                   Baxter, James C},
  journal =       {Organizational Behavior and Human Decision Processes},
  number =        {1},
  pages =         {20--33},
  publisher =     {Elsevier},
  title =         {The effect of applicant age, job level, and
                   accountability on the evaluation of job applicants},
  volume =        {41},
  year =          {1988},
}

@inproceedings{metz1978basic,
  author =        {Metz, Charles E},
  booktitle =     {Seminars in nuclear medicine},
  number =        {4},
  organization =  {Elsevier},
  pages =         {283--298},
  title =         {Basic principles of ROC analysis},
  volume =        {8},
  year =          {1978},
}

@book{taylor1997introduction,
  author =        {Taylor, John},
  publisher =     {University Science Books},
  title =         {Introduction to error analysis, the study of
                   uncertainties in physical measurements},
  year =          {1997},
}

@inproceedings{brodersen2010balanced,
  author =        {Brodersen, Kay Henning and Ong, Cheng Soon and
                   Stephan, Klaas Enno and Buhmann, Joachim M},
  booktitle =     {2010 20th international conference on pattern
                   recognition},
  organization =  {IEEE},
  pages =         {3121--3124},
  title =         {The balanced accuracy and its posterior distribution},
  year =          {2010},
}

@book{kelleher2020fundamentals,
  author =        {Kelleher, John D and Mac Namee, Brian and
                   D'arcy, Aoife},
  publisher =     {MIT press},
  title =         {Fundamentals of machine learning for predictive data
                   analytics: algorithms, worked examples, and case
                   studies},
  year =          {2020},
}

@article{salman2017detection,
  author =        {Salman, Ahmad and Sharaha, Uraib and
                   Rodriguez-Diaz, Eladio and Shufan, Elad and
                   Riesenberg, Klaris and Bigio, Irving J and
                   Huleihel, Mahmoud},
  journal =       {Analyst},
  number =        {12},
  pages =         {2136--2144},
  publisher =     {Royal Society of Chemistry},
  title =         {Detection of antibiotic resistant Escherichia Coli
                   bacteria using infrared microscopy and advanced
                   multivariate analysis},
  volume =        {142},
  year =          {2017},
}

@article{infante2023factors,
  author =        {Infante, Paulo and Jacinto, Gon{\c{c}}alo and
                   Afonso, Anabela and Rego, Leonor and Nogueira, Pedro and
                   Silva, Marcelo and Nogueira, Vitor and
                   Saias, Jos{\'e} and Quaresma, Paulo and
                   Santos, Daniel and others},
  journal =       {Sustainability},
  number =        {3},
  pages =         {2352},
  publisher =     {MDPI},
  title =         {Factors That Influence the Type of Road Traffic
                   Accidents: A Case Study in a District of Portugal},
  volume =        {15},
  year =          {2023},
}

@book{rothman2012epidemiology,
  author =        {Rothman, Kenneth J},
  publisher =     {Oxford university press},
  title =         {Epidemiology: an introduction},
  year =          {2012},
}

@book{bruce2018quantitative,
  author =        {Bruce, Nigel and Pope, Daniel and Stanistreet, Debbi},
  publisher =     {John Wiley \& Sons},
  title =         {Quantitative methods for health research: a practical
                   interactive guide to epidemiology and statistics},
  year =          {2018},
}

@book{van2004geometry,
  author =        {Van Rijsbergen, Cornelis Joost},
  publisher =     {Cambridge University Press},
  title =         {The geometry of information retrieval},
  year =          {2004},
}

@article{taha2015metrics,
  author =        {Taha, Abdel Aziz and Hanbury, Allan},
  journal =       {BMC medical imaging},
  number =        {1},
  pages =         {1--28},
  publisher =     {BioMed Central},
  title =         {Metrics for evaluating 3D medical image segmentation:
                   analysis, selection, and tool},
  volume =        {15},
  year =          {2015},
}

@article{benjamini1995controlling,
  author =        {Benjamini, Yoav and Hochberg, Yosef},
  journal =       {Journal of the Royal statistical society: series B
                   (Methodological)},
  number =        {1},
  pages =         {289--300},
  publisher =     {Wiley Online Library},
  title =         {Controlling the false discovery rate: a practical and
                   powerful approach to multiple testing},
  volume =        {57},
  year =          {1995},
}

@article{benjamini2001control,
  author =        {Benjamini, Yoav and Yekutieli, Daniel},
  journal =       {Annals of statistics},
  pages =         {1165--1188},
  publisher =     {JSTOR},
  title =         {The control of the false discovery rate in multiple
                   testing under dependency},
  year =          {2001},
}

@inproceedings{zafar2017fairness,
  author =        {Zafar, Muhammad Bilal and Valera, Isabel and
                   Gomez Rodriguez, Manuel and Gummadi, Krishna P},
  booktitle =     {Proceedings of the 26th international conference on
                   world wide web},
  pages =         {1171--1180},
  title =         {Fairness beyond disparate treatment \& disparate
                   impact: Learning classification without disparate
                   mistreatment},
  year =          {2017},
}

@article{glas2003diagnostic,
  author =        {Glas, Afina S and Lijmer, Jeroen G and
                   Prins, Martin H and Bonsel, Gouke J and
                   Bossuyt, Patrick MM},
  journal =       {Journal of clinical epidemiology},
  number =        {11},
  pages =         {1129--1135},
  publisher =     {Elsevier},
  title =         {The diagnostic odds ratio: a single indicator of test
                   performance},
  volume =        {56},
  year =          {2003},
}

@article{doust2004systematic,
  author =        {Doust, Jenny A and Glasziou, Paul P and Pietrzak, Eva and
                   Dobson, Annette J},
  journal =       {Archives of internal medicine},
  number =        {18},
  pages =         {1978--1984},
  publisher =     {American Medical Association},
  title =         {A systematic review of the diagnostic accuracy of
                   natriuretic peptides for heart failure},
  volume =        {164},
  year =          {2004},
}

@article{fowlkes1983method,
  author =        {Fowlkes, Edward B and Mallows, Colin L},
  journal =       {Journal of the American statistical association},
  number =        {383},
  pages =         {553--569},
  publisher =     {Taylor \& Francis},
  title =         {A method for comparing two hierarchical clusterings},
  volume =        {78},
  year =          {1983},
}

@article{halkidi2001clustering,
  author =        {Halkidi, Maria and Batistakis, Yannis and
                   Vazirgiannis, Michalis},
  journal =       {Journal of intelligent information systems},
  pages =         {107--145},
  publisher =     {Springer},
  title =         {On clustering validation techniques},
  volume =        {17},
  year =          {2001},
}

@article{swets1973relative,
  author =        {Swets, John A},
  journal =       {Science},
  number =        {4116},
  pages =         {990--1000},
  publisher =     {American Association for the Advancement of Science},
  title =         {The Relative Operating Characteristic in Psychology:
                   A technique for isolating effects of response bias
                   finds wide use in the study of perception and
                   cognition.},
  volume =        {182},
  year =          {1973},
}

@article{deeks2004diagnostic,
  author =        {Deeks, Jonathan J and Altman, Douglas G},
  journal =       {Bmj},
  number =        {7458},
  pages =         {168--169},
  publisher =     {British Medical Journal Publishing Group},
  title =         {Diagnostic tests 4: likelihood ratios},
  volume =        {329},
  year =          {2004},
}

@article{peirce1884numerical,
  author =        {Peirce, Charles S},
  journal =       {Science},
  number =        {93},
  pages =         {453--454},
  publisher =     {American Association for the Advancement of Science},
  title =         {The numerical measure of the success of predictions},
  year =          {1884},
}

@article{youden1950index,
  author =        {Youden, William J},
  journal =       {Cancer},
  number =        {1},
  pages =         {32--35},
  publisher =     {Wiley Online Library},
  title =         {Index for rating diagnostic tests},
  volume =        {3},
  year =          {1950},
}

@article{fawcett2006introduction,
  author =        {Fawcett, Tom},
  journal =       {Pattern recognition letters},
  number =        {8},
  pages =         {861--874},
  publisher =     {Elsevier},
  title =         {An introduction to ROC analysis},
  volume =        {27},
  year =          {2006},
}

@article{huang2019ecg,
  author =        {Huang, Jingshan and Chen, Binqiang and Yao, Bin and
                   He, Wangpeng},
  journal =       {IEEE access},
  pages =         {92871--92880},
  publisher =     {IEEE},
  title =         {ECG arrhythmia classification using STFT-based
                   spectrogram and convolutional neural network},
  volume =        {7},
  year =          {2019},
}

@article{bhowan2011developing,
  author =        {Bhowan, Urvesh and Johnston, Mark and Zhang, Mengjie},
  journal =       {IEEE Transactions on Systems, Man, and Cybernetics,
                   Part B (Cybernetics)},
  number =        {2},
  pages =         {406--421},
  publisher =     {IEEE},
  title =         {Developing new fitness functions in genetic
                   programming for classification with unbalanced data},
  volume =        {42},
  year =          {2011},
}

@article{devarriya2020unbalanced,
  author =        {Devarriya, Divyaansh and Gulati, Cairo and
                   Mansharamani, Vidhi and Sakalle, Aditi and
                   Bhardwaj, Arpit},
  journal =       {Expert Systems with Applications},
  pages =         {112866},
  publisher =     {Elsevier},
  title =         {Unbalanced breast cancer data classification using
                   novel fitness functions in genetic programming},
  volume =        {140},
  year =          {2020},
}

@article{hand1986recent,
  author =        {Hand, David J},
  journal =       {Pattern Recognition Letters},
  number =        {5},
  pages =         {335--346},
  publisher =     {Elsevier},
  title =         {Recent advances in error rate estimation},
  volume =        {4},
  year =          {1986},
}

@article{asri2016using,
  author =        {Asri, Hiba and Mousannif, Hajar and
                   Al Moatassime, Hassan and Noel, Thomas},
  journal =       {Procedia Computer Science},
  pages =         {1064--1069},
  publisher =     {Elsevier},
  title =         {Using machine learning algorithms for breast cancer
                   risk prediction and diagnosis},
  volume =        {83},
  year =          {2016},
}

@article{hamamoto1998gabor,
  author =        {Hamamoto, Yoshihiko and Uchimura, Shunji and
                   Watanabe, Masanori and Yasuda, Tetsuya and
                   Mitani, Yoshihiro and Tomita, Shingo},
  journal =       {Pattern recognition},
  number =        {4},
  pages =         {395--400},
  publisher =     {Elsevier},
  title =         {A Gabor filter-based method for recognizing
                   handwritten numerals},
  volume =        {31},
  year =          {1998},
}

@inproceedings{han2016variable,
  author =        {Han, Hong and Guo, Xiaoling and Yu, Hua},
  booktitle =     {2016 7th ieee international conference on software
                   engineering and service science (icsess)},
  organization =  {IEEE},
  pages =         {219--224},
  title =         {Variable selection using mean decrease accuracy and
                   mean decrease gini based on random forest},
  year =          {2016},
}

@article{mohammad2013nrc,
  author =        {Mohammad, Saif M and Kiritchenko, Svetlana and
                   Zhu, Xiaodan},
  journal =       {arXiv preprint arXiv:1308.6242},
  title =         {NRC-Canada: Building the state-of-the-art in
                   sentiment analysis of tweets},
  year =          {2013},
}

@article{takahashi2022confidence,
  author =        {Takahashi, Kanae and Yamamoto, Kouji and Kuchiba, Aya and
                   Koyama, Tatsuki},
  journal =       {Applied Intelligence},
  number =        {5},
  pages =         {4961--4972},
  publisher =     {Springer},
  title =         {Confidence interval for micro-averaged F 1 and
                   macro-averaged F 1 scores},
  volume =        {52},
  year =          {2022},
}

@inproceedings{goutte2005probabilistic,
  author =        {Goutte, Cyril and Gaussier, Eric},
  booktitle =     {Advances in Information Retrieval: 27th European
                   Conference on IR Research, ECIR 2005, Santiago de
                   Compostela, Spain, March 21-23, 2005. Proceedings 27},
  organization =  {Springer},
  pages =         {345--359},
  title =         {A probabilistic interpretation of precision, recall
                   and F-score, with implication for evaluation},
  year =          {2005},
}

@inproceedings{al2016lili,
  author =        {Al-Badrashiny, Mohamed and Diab, Mona},
  booktitle =     {Proceedings of COLING 2016, the 26th International
                   Conference on Computational Linguistics: Technical
                   Papers},
  pages =         {1211--1219},
  title =         {Lili: A simple language independent approach for
                   language identification},
  year =          {2016},
}

@article{alswaidan2020hybrid,
  author =        {Alswaidan, Nourah and Menai, Mohamed El Bachir},
  journal =       {IEEE Access},
  pages =         {37843--37854},
  publisher =     {IEEE},
  title =         {Hybrid feature model for emotion recognition in
                   Arabic text},
  volume =        {8},
  year =          {2020},
}

@article{banerjee2009hypothesis,
  author =        {Banerjee, Amitav and Chitnis, UB and Jadhav, SL and
                   Bhawalkar, JS and Chaudhury, S},
  journal =       {Industrial psychiatry journal},
  number =        {2},
  pages =         {127},
  publisher =     {Wolters Kluwer--Medknow Publications},
  title =         {Hypothesis testing, type I and type II errors},
  volume =        {18},
  year =          {2009},
}

@article{sreenu2019intelligent,
  author =        {Sreenu, GSDMA and Durai, Saleem},
  journal =       {Journal of Big Data},
  number =        {1},
  pages =         {1--27},
  publisher =     {Springer},
  title =         {Intelligent video surveillance: a review through deep
                   learning techniques for crowd analysis},
  volume =        {6},
  year =          {2019},
}

@article{xue2020machine,
  author =        {Xue, Mingfu and Yuan, Chengxiang and Wu, Heyi and
                   Zhang, Yushu and Liu, Weiqiang},
  journal =       {IEEE Access},
  pages =         {74720--74742},
  publisher =     {IEEE},
  title =         {Machine learning security: Threats, countermeasures,
                   and evaluations},
  volume =        {8},
  year =          {2020},
}

@article{powers2020evaluation,
  author =        {Powers, David MW},
  journal =       {arXiv preprint arXiv:2010.16061},
  title =         {Evaluation: from precision, recall and F-measure to
                   ROC, informedness, markedness and correlation},
  year =          {2020},
}

@article{yule1912methods,
  author =        {Yule, G Udny},
  journal =       {Journal of the Royal Statistical Society},
  number =        {6},
  pages =         {579--652},
  publisher =     {JSTOR},
  title =         {On the methods of measuring association between two
                   attributes},
  volume =        {75},
  year =          {1912},
}

@article{matthews1975comparison,
  author =        {Matthews, Brian W},
  journal =       {Biochimica et Biophysica Acta (BBA)-Protein
                   Structure},
  number =        {2},
  pages =         {442--451},
  publisher =     {Elsevier},
  title =         {Comparison of the predicted and observed secondary
                   structure of T4 phage lysozyme},
  volume =        {405},
  year =          {1975},
}

@book{cramer1999mathematical,
  author =        {Cram{\'e}r, Harald},
  publisher =     {Princeton university press},
  title =         {Mathematical methods of statistics},
  volume =        {26},
  year =          {1999},
}

@article{chicco2020advantages,
  author =        {Chicco, Davide and Jurman, Giuseppe},
  journal =       {BMC genomics},
  pages =         {1--13},
  publisher =     {Springer},
  title =         {The advantages of the Matthews correlation
                   coefficient (MCC) over F1 score and accuracy in
                   binary classification evaluation},
  volume =        {21},
  year =          {2020},
}

@article{jaccard1912distribution,
  author =        {Jaccard, Paul},
  journal =       {New phytologist},
  number =        {2},
  pages =         {37--50},
  publisher =     {Wiley Online Library},
  title =         {The distribution of the flora in the alpine zone. 1},
  volume =        {11},
  year =          {1912},
}

@article{murphy1996finley,
  author =        {Murphy, Allan H},
  journal =       {Weather and forecasting},
  number =        {1},
  pages =         {3--20},
  title =         {The Finley affair: A signal event in the history of
                   forecast verification},
  volume =        {11},
  year =          {1996},
}

@book{green1966signal,
  author =        {Green, David Marvin and Swets, John A and others},
  publisher =     {Wiley New York},
  title =         {Signal detection theory and psychophysics},
  volume =        {1},
  year =          {1966},
}

@article{zweig1993receiver,
  author =        {Zweig, Mark H and Campbell, Gregory},
  journal =       {Clinical chemistry},
  number =        {4},
  pages =         {561--577},
  publisher =     {Oxford University Press},
  title =         {Receiver-operating characteristic (ROC) plots: a
                   fundamental evaluation tool in clinical medicine},
  volume =        {39},
  year =          {1993},
}

@article{bradley1997use,
  author =        {Bradley, Andrew P},
  journal =       {Pattern recognition},
  number =        {7},
  pages =         {1145--1159},
  publisher =     {Elsevier},
  title =         {The use of the area under the ROC curve in the
                   evaluation of machine learning algorithms},
  volume =        {30},
  year =          {1997},
}

@article{mandrekar2010receiver,
  author =        {Mandrekar, Jayawant N},
  journal =       {Journal of Thoracic Oncology},
  number =        {9},
  pages =         {1315--1316},
  publisher =     {Elsevier},
  title =         {Receiver operating characteristic curve in diagnostic
                   test assessment},
  volume =        {5},
  year =          {2010},
}

@article{jimenez2012insights,
  author =        {Jim{\'e}nez-Valverde, Alberto},
  journal =       {Global Ecology and Biogeography},
  number =        {4},
  pages =         {498--507},
  publisher =     {Wiley Online Library},
  title =         {Insights into the area under the receiver operating
                   characteristic curve (AUC) as a discrimination
                   measure in species distribution modelling},
  volume =        {21},
  year =          {2012},
}

@article{hilden1991area,
  author =        {Hilden, J{\o}rgen},
  journal =       {Medical Decision Making},
  number =        {2},
  pages =         {95--101},
  publisher =     {Sage Publications Sage CA: Thousand Oaks, CA},
  title =         {The area under the ROC curve and its competitors},
  volume =        {11},
  year =          {1991},
}

@article{hand2010evaluating,
  author =        {Hand, David J},
  journal =       {Statistics in medicine},
  number =        {14},
  pages =         {1502--1510},
  publisher =     {Wiley Online Library},
  title =         {Evaluating diagnostic tests: the area under the ROC
                   curve and the balance of errors},
  volume =        {29},
  year =          {2010},
}

@article{hand2009measuring,
  author =        {Hand, David J},
  journal =       {Machine learning},
  number =        {1},
  pages =         {103--123},
  publisher =     {Springer},
  title =         {Measuring classifier performance: a coherent
                   alternative to the area under the ROC curve},
  volume =        {77},
  year =          {2009},
}

@article{hand2023notes,
  author =        {Hand, David J and Anagnostopoulos, Christoforos},
  journal =       {Advances in Data Analysis and Classification},
  number =        {1},
  pages =         {109--124},
  publisher =     {Springer},
  title =         {Notes on the H-measure of classifier performance},
  volume =        {17},
  year =          {2023},
}

@book{manning2009introduction,
  author =        {Manning, Christopher D},
  publisher =     {Cambridge university press},
  title =         {An introduction to information retrieval},
  year =          {2009},
}

@article{everingham2010pascal,
  author =        {Everingham, Mark and Van Gool, Luc and
                   Williams, Christopher KI and Winn, John and
                   Zisserman, Andrew},
  journal =       {International journal of computer vision},
  pages =         {303--338},
  publisher =     {Springer},
  title =         {The pascal visual object classes (voc) challenge},
  volume =        {88},
  year =          {2010},
}

@article{ozenne2015precision,
  author =        {Ozenne, Brice and Subtil, Fabien and
                   Maucort-Boulch, Delphine},
  journal =       {Journal of clinical epidemiology},
  number =        {8},
  pages =         {855--859},
  publisher =     {Elsevier},
  title =         {The precision--recall curve overcame the optimism of
                   the receiver operating characteristic curve in rare
                   diseases},
  volume =        {68},
  year =          {2015},
}

@article{sofaer2019area,
  author =        {Sofaer, Helen R and Hoeting, Jennifer A and
                   Jarnevich, Catherine S},
  journal =       {Methods in Ecology and Evolution},
  number =        {4},
  pages =         {565--577},
  publisher =     {Wiley Online Library},
  title =         {The area under the precision-recall curve as a
                   performance metric for rare binary events},
  volume =        {10},
  year =          {2019},
}

@article{cook2020consult,
  author =        {Cook, Jonathan and Ramadas, Vikram},
  journal =       {The Stata Journal},
  number =        {1},
  pages =         {131--148},
  publisher =     {SAGE Publications Sage CA: Los Angeles, CA},
  title =         {When to consult precision-recall curves},
  volume =        {20},
  year =          {2020},
}

@article{cohen1960coefficient,
  author =        {Cohen, Jacob},
  journal =       {Educational and psychological measurement},
  number =        {1},
  pages =         {37--46},
  publisher =     {Sage Publications Sage CA: Thousand Oaks, CA},
  title =         {A coefficient of agreement for nominal scales},
  volume =        {20},
  year =          {1960},
}

@article{ranganathan2017common,
  author =        {Ranganathan, Priya and Pramesh, CS and
                   Aggarwal, Rakesh},
  journal =       {Perspectives in clinical research},
  number =        {4},
  pages =         {187},
  publisher =     {Wolters Kluwer--Medknow Publications},
  title =         {Common pitfalls in statistical analysis: Measures of
                   agreement},
  volume =        {8},
  year =          {2017},
}

@article{chicco2021matthews,
  author =        {Chicco, Davide and Warrens, Matthijs J and
                   Jurman, Giuseppe},
  journal =       {IEEE Access},
  pages =         {78368--78381},
  publisher =     {IEEE},
  title =         {The Matthews correlation coefficient (MCC) is more
                   informative than Cohen’s Kappa and Brier score in
                   binary classification assessment},
  volume =        {9},
  year =          {2021},
}

@article{pontius2011death,
  author =        {Pontius Jr, Robert Gilmore and Millones, Marco},
  journal =       {International journal of remote sensing},
  number =        {15},
  pages =         {4407--4429},
  publisher =     {Taylor \& Francis},
  title =         {Death to Kappa: birth of quantity disagreement and
                   allocation disagreement for accuracy assessment},
  volume =        {32},
  year =          {2011},
}

@article{olofsson2014good,
  author =        {Olofsson, Pontus and Foody, Giles M and
                   Herold, Martin and Stehman, Stephen V and
                   Woodcock, Curtis E and Wulder, Michael A},
  journal =       {Remote sensing of Environment},
  pages =         {42--57},
  publisher =     {Elsevier},
  title =         {Good practices for estimating area and assessing
                   accuracy of land change},
  volume =        {148},
  year =          {2014},
}

@article{foody2020explaining,
  author =        {Foody, Giles M},
  journal =       {Remote sensing of environment},
  pages =         {111630},
  publisher =     {Elsevier},
  title =         {Explaining the unsuitability of the kappa coefficient
                   in the assessment and comparison of the accuracy of
                   thematic maps obtained by image classification},
  volume =        {239},
  year =          {2020},
}

@book{gini1912variabilita,
  author =        {Gini, Corrado},
  publisher =     {Tipogr. di P. Cuppini},
  title =         {Variabilit{\`a} e mutabilit{\`a}: contributo allo
                   studio delle distribuzioni e delle relazioni
                   statistiche.[Fasc. I.]},
  year =          {1912},
}

@book{breiman1984classification,
  author =        {Breiman, Leo and Friedman, Jerome and
                   Stone, Charles J and Olshen, Richard A},
  publisher =     {CRC press},
  title =         {Classification and regression trees},
  year =          {1984},
}

@article{manek2017aspect,
  author =        {Manek, Asha S and Shenoy, P Deepa and
                   Mohan, M Chandra},
  journal =       {World wide web},
  pages =         {135--154},
  publisher =     {Springer},
  title =         {Aspect term extraction for sentiment analysis in
                   large movie reviews using Gini Index feature
                   selection method and SVM classifier},
  volume =        {20},
  year =          {2017},
}

@misc{sitarz2023extending,
  author =        {Sitarz, Mikolaj},
  title =         {Extending F1 Metric, Probabilistic Approach. Advances
                   in Artificial Intelligence and Machine Learning.
                   2023; 3 (2): 61},
  year =          {2023},
}

@article{murphy1988skill,
  author =        {Murphy, Allan H},
  journal =       {Monthly weather review},
  number =        {12},
  pages =         {2417--2424},
  title =         {Skill scores based on the mean square error and their
                   relationships to the correlation coefficient},
  volume =        {116},
  year =          {1988},
}

@article{schlosser2022improving,
  author =        {Schlosser, Tobias and Friedrich, Michael and
                   Beuth, Frederik and Kowerko, Danny},
  journal =       {Journal of Intelligent Manufacturing},
  number =        {4},
  pages =         {1099--1123},
  publisher =     {Springer},
  title =         {Improving automated visual fault inspection for
                   semiconductor manufacturing using a hybrid multistage
                   system of deep neural networks},
  volume =        {33},
  year =          {2022},
}

@article{fisher1936use,
  author =        {Fisher, Ronald A},
  journal =       {Annals of eugenics},
  number =        {2},
  pages =         {179--188},
  publisher =     {Wiley Online Library},
  title =         {The use of multiple measurements in taxonomic
                   problems},
  volume =        {7},
  year =          {1936},
}

@book{richardson2004h,
  author =        {Richardson, Iain E},
  publisher =     {John Wiley \& Sons},
  title =         {H. 264 and MPEG-4 video compression: video coding for
                   next-generation multimedia},
  year =          {2004},
}

@article{armstrong1992error,
  author =        {Armstrong, J Scott and Collopy, Fred},
  journal =       {International journal of forecasting},
  number =        {1},
  pages =         {69--80},
  publisher =     {Elsevier},
  title =         {Error measures for generalizing about forecasting
                   methods: Empirical comparisons},
  volume =        {8},
  year =          {1992},
}

@article{armstrong2000another,
  author =        {Armstrong, J Scott and Collopy, Fred},
  journal =       {International Journal of Forecasting},
  number =        {2},
  pages =         {69--80},
  title =         {Another Error Measure for Selection of the Best
                   Forecasting Method: The Unbiased Absolute Percentage
                   Error},
  volume =        {8},
  year =          {2000},
}

@article{rodrigues2017machine,
  author =        {Rodrigues, {\'E}rick Oliveira and Pinheiro, VHA and
                   Liatsis, Panos and Conci, Aura},
  journal =       {Computers in biology and medicine},
  pages =         {520--529},
  publisher =     {Elsevier},
  title =         {Machine learning in the prediction of cardiac
                   epicardial and mediastinal fat volumes},
  volume =        {89},
  year =          {2017},
}

@article{fisher1920012,
  author =        {Fisher, Ronald Aylmer and others},
  journal =       {Monthly Notices of the Royal Astronomical Society},
  pages =         {758--770},
  publisher =     {Oxford University Press Oxford, UK},
  title =         {A Mathematical Examination of the Methods of
                   Determining the Accuracy of an Observation by the
                   Mean Error, and by the Mean Square Error.},
  volume =        {80},
  year =          {1920},
}

@inproceedings{anjali2019temperature,
  author =        {Anjali, T and Chandini, K and Anoop, K and
                   Lajish, VL},
  booktitle =     {2019 2nd International Conference on Intelligent
                   Computing, Instrumentation and Control Technologies
                   (ICICICT)},
  organization =  {IEEE},
  pages =         {1264--1268},
  title =         {Temperature prediction using machine learning
                   approaches},
  volume =        {1},
  year =          {2019},
}

@article{willmott2005advantages,
  author =        {Willmott, Cort J and Matsuura, Kenji},
  journal =       {Climate research},
  number =        {1},
  pages =         {79--82},
  title =         {Advantages of the mean absolute error (MAE) over the
                   root mean square error (RMSE) in assessing average
                   model performance},
  volume =        {30},
  year =          {2005},
}

@article{hyndman2006another,
  author =        {Hyndman, Rob J and Koehler, Anne B},
  journal =       {International journal of forecasting},
  number =        {4},
  pages =         {679--688},
  publisher =     {Elsevier},
  title =         {Another look at measures of forecast accuracy},
  volume =        {22},
  year =          {2006},
}

@article{pearson1895x,
  author =        {Pearson, Karl},
  journal =       {Philosophical Transactions of the Royal Society of
                   London.(A.)},
  number =        {186},
  pages =         {343--414},
  publisher =     {The Royal Society London},
  title =         {X. Contributions to the mathematical theory of
                   evolution.—II. Skew variation in homogeneous
                   material},
  year =          {1895},
}

@article{jiang2008prediction,
  author =        {Jiang, Yingni},
  journal =       {Energy policy},
  number =        {10},
  pages =         {3833--3837},
  publisher =     {Elsevier},
  title =         {Prediction of monthly mean daily diffuse solar
                   radiation using artificial neural networks and
                   comparison with other empirical models},
  volume =        {36},
  year =          {2008},
}

@article{mohan2018deep,
  author =        {Mohan, Arvind T and Gaitonde, Datta V},
  journal =       {arXiv preprint arXiv:1804.09269},
  title =         {A deep learning based approach to reduced order
                   modeling for turbulent flow control using LSTM neural
                   networks},
  year =          {2018},
}

@book{draper1998applied,
  author =        {Draper, Norman R and Smith, Harry},
  publisher =     {John Wiley \& Sons},
  title =         {Applied regression analysis},
  volume =        {326},
  year =          {1998},
}

@book{bickel2015mathematical,
  author =        {Bickel, Peter J and Doksum, Kjell A},
  publisher =     {CRC Press},
  title =         {Mathematical statistics: basic ideas and selected
                   topics, volumes I-II package},
  year =          {2015},
}

@article{pontius2008components,
  author =        {Pontius, Robert Gilmore and Thontteh, Olufunmilayo and
                   Chen, Hao},
  journal =       {Environmental and ecological statistics},
  pages =         {111--142},
  publisher =     {Springer},
  title =         {Components of information for multiple resolution
                   comparison between maps that share a real variable},
  volume =        {15},
  year =          {2008},
}

@article{chang2004air,
  author =        {Chang, Joseph C and Hanna, Steven R},
  journal =       {Meteorology and Atmospheric Physics},
  number =        {1-3},
  pages =         {167--196},
  publisher =     {Springer},
  title =         {Air quality model performance evaluation},
  volume =        {87},
  year =          {2004},
}

@article{kim2005missing,
  author =        {Kim, Hyunsoo and Golub, Gene H and Park, Haesun},
  journal =       {Bioinformatics},
  number =        {2},
  pages =         {187--198},
  publisher =     {Oxford University Press},
  title =         {Missing value estimation for DNA microarray gene
                   expression data: local least squares imputation},
  volume =        {21},
  year =          {2005},
}

@article{nafees2021predictive,
  author =        {Nafees, Afnan and Javed, Muhammad Faisal and
                   Khan, Sherbaz and Nazir, Kashif and Farooq, Furqan and
                   Aslam, Fahid and Musarat, Muhammad Ali and
                   Vatin, Nikolai Ivanovich},
  journal =       {Materials},
  number =        {24},
  pages =         {7531},
  publisher =     {Multidisciplinary Digital Publishing Institute},
  title =         {Predictive modeling of mechanical properties of
                   silica fume-based green concrete using artificial
                   intelligence approaches: MLPNN, ANFIS, and GEP},
  volume =        {14},
  year =          {2021},
}

@book{salomon2004data,
  author =        {Salomon, David},
  publisher =     {Springer Science \& Business Media},
  title =         {Data compression: the complete reference},
  year =          {2004},
}

@article{huynh2008scope,
  author =        {Huynh-Thu, Quan and Ghanbari, Mohammed},
  journal =       {Electronics letters},
  number =        {13},
  pages =         {800--801},
  publisher =     {IET},
  title =         {Scope of validity of PSNR in image/video quality
                   assessment},
  volume =        {44},
  year =          {2008},
}

@article{wang2004image,
  author =        {Wang, Zhou and Bovik, Alan C and Sheikh, Hamid R and
                   Simoncelli, Eero P},
  journal =       {IEEE transactions on image processing},
  number =        {4},
  pages =         {600--612},
  publisher =     {IEEE},
  title =         {Image quality assessment: from error visibility to
                   structural similarity},
  volume =        {13},
  year =          {2004},
}

@article{ghodrati2019mr,
  author =        {Ghodrati, Vahid and Shao, Jiaxin and Bydder, Mark and
                   Zhou, Ziwu and Yin, Wotao and Nguyen, Kim-Lien and
                   Yang, Yingli and Hu, Peng},
  journal =       {Quantitative imaging in medicine and surgery},
  number =        {9},
  pages =         {1516},
  publisher =     {AME Publications},
  title =         {MR image reconstruction using deep learning:
                   evaluation of network structure and loss functions},
  volume =        {9},
  year =          {2019},
}

@inproceedings{rezatofighi2019generalized,
  author =        {Rezatofighi, Hamid and Tsoi, Nathan and
                   Gwak, JunYoung and Sadeghian, Amir and Reid, Ian and
                   Savarese, Silvio},
  booktitle =     {Proceedings of the IEEE/CVF conference on computer
                   vision and pattern recognition},
  pages =         {658--666},
  title =         {Generalized intersection over union: A metric and a
                   loss for bounding box regression},
  year =          {2019},
}

@article{zou2023object,
  author =        {Zou, Zhengxia and Chen, Keyan and Shi, Zhenwei and
                   Guo, Yuhong and Ye, Jieping},
  journal =       {Proceedings of the IEEE},
  publisher =     {IEEE},
  title =         {Object detection in 20 years: A survey},
  year =          {2023},
}

@article{dice1945measures,
  author =        {Dice, Lee R},
  journal =       {Ecology},
  number =        {3},
  pages =         {297--302},
  publisher =     {JSTOR},
  title =         {Measures of the amount of ecologic association
                   between species},
  volume =        {26},
  year =          {1945},
}

@article{sorenson1948method,
  author =        {Sorenson, Th},
  journal =       {Kong Dan Vidensk Selsk Biol Skr},
  pages =         {1--5},
  title =         {A method of establishing groups of equal amplitude in
                   plant sociology based on similarity of species
                   content, and its application to analysis of
                   vegetation on Danish commons},
  volume =        {5},
  year =          {1948},
}

@article{szymkiewicz1934conlribution,
  author =        {Szymkiewicz, Dezydery},
  journal =       {Acta Societatis Botanicorum Poloniae},
  number =        {3},
  pages =         {249--265},
  title =         {Une conlribution statistique {\`a} la g{\'e}ographie
                   floristique},
  volume =        {11},
  year =          {1934},
}

@article{sempson1947holarctic,
  author =        {Sempson, George Gaylord},
  journal =       {Geological Society of America Bulletin},
  number =        {7},
  pages =         {613--688},
  publisher =     {Geological Society of America},
  title =         {Holarctic mammalian faunas and continental
                   relationships during the Cenozoic},
  volume =        {58},
  year =          {1947},
}

@article{bell1962mutual,
  author =        {Bell, CB},
  journal =       {The Annals of Mathematical Statistics},
  pages =         {587--595},
  publisher =     {JSTOR},
  title =         {Mutual information and maximal correlation as
                   measures of dependence},
  year =          {1962},
}

@incollection{goodall1978sample,
  author =        {Goodall, David W},
  booktitle =     {Ordination of plant communities},
  pages =         {99--149},
  publisher =     {Springer},
  title =         {Sample similarity and species correlation},
  year =          {1978},
}

@article{suzuki2017overview,
  author =        {Suzuki, Kenji},
  journal =       {Radiological physics and technology},
  number =        {3},
  pages =         {257--273},
  publisher =     {Springer},
  title =         {Overview of deep learning in medical imaging},
  volume =        {10},
  year =          {2017},
}

@article{esteva2021deep,
  author =        {Esteva, Andre and Chou, Katherine and Yeung, Serena and
                   Naik, Nikhil and Madani, Ali and Mottaghi, Ali and
                   Liu, Yun and Topol, Eric and Dean, Jeff and
                   Socher, Richard},
  journal =       {NPJ digital medicine},
  number =        {1},
  pages =         {5},
  publisher =     {Nature Publishing Group UK London},
  title =         {Deep learning-enabled medical computer vision},
  volume =        {4},
  year =          {2021},
}

@article{buch2011review,
  author =        {Buch, Norbert and Velastin, Sergio A and
                   Orwell, James},
  journal =       {IEEE Transactions on intelligent transportation
                   systems},
  number =        {3},
  pages =         {920--939},
  publisher =     {IEEE},
  title =         {A review of computer vision techniques for the
                   analysis of urban traffic},
  volume =        {12},
  year =          {2011},
}

@article{brunetti2018computer,
  author =        {Brunetti, Antonio and Buongiorno, Domenico and
                   Trotta, Gianpaolo Francesco and
                   Bevilacqua, Vitoantonio},
  journal =       {Neurocomputing},
  pages =         {17--33},
  publisher =     {Elsevier},
  title =         {Computer vision and deep learning techniques for
                   pedestrian detection and tracking: A survey},
  volume =        {300},
  year =          {2018},
}

@article{feng2021review,
  author =        {Feng, Di and Harakeh, Ali and Waslander, Steven L and
                   Dietmayer, Klaus},
  journal =       {IEEE Transactions on Intelligent Transportation
                   Systems},
  number =        {8},
  pages =         {9961--9980},
  publisher =     {IEEE},
  title =         {A review and comparative study on probabilistic
                   object detection in autonomous driving},
  volume =        {23},
  year =          {2021},
}

@article{zablocki2022explainability,
  author =        {Zablocki, {\'E}loi and Ben-Younes, H{\'e}di and
                   P{\'e}rez, Patrick and Cord, Matthieu},
  journal =       {International Journal of Computer Vision},
  number =        {10},
  pages =         {2425--2452},
  publisher =     {Springer},
  title =         {Explainability of deep vision-based autonomous
                   driving systems: Review and challenges},
  volume =        {130},
  year =          {2022},
}

@inproceedings{wang2003multiscale,
  author =        {Wang, Zhou and Simoncelli, Eero P and Bovik, Alan C},
  booktitle =     {The Thrity-Seventh Asilomar Conference on Signals,
                   Systems \& Computers, 2003},
  organization =  {Ieee},
  pages =         {1398--1402},
  title =         {Multiscale structural similarity for image quality
                   assessment},
  volume =        {2},
  year =          {2003},
}

@inproceedings{hore2010image,
  author =        {Hore, Alain and Ziou, Djemel},
  booktitle =     {2010 20th international conference on pattern
                   recognition},
  organization =  {IEEE},
  pages =         {2366--2369},
  title =         {Image quality metrics: PSNR vs. SSIM},
  year =          {2010},
}

@article{yu2006new,
  author =        {Yu, Shaocai and Eder, Brian and Dennis, Robin and
                   Chu, Shao-Hang and Schwartz, Stephen E},
  journal =       {Atmospheric Science Letters},
  number =        {1},
  pages =         {26--34},
  publisher =     {Wiley Online Library},
  title =         {New unbiased symmetric metrics for evaluation of air
                   quality models},
  volume =        {7},
  year =          {2006},
}

@article{tsigaridis2014aerocom,
  author =        {Tsigaridis, Kostas and Daskalakis, N and Kanakidou, M and
                   Adams, PJ and Artaxo, P and Bahadur, R and
                   Balkanski, Yves and Bauer, SE and Bellouin, N and
                   Benedetti, A and others},
  journal =       {Atmospheric Chemistry and Physics},
  number =        {19},
  pages =         {10845--10895},
  publisher =     {Copernicus Publications G{\"o}ttingen, Germany},
  title =         {The AeroCom evaluation and intercomparison of organic
                   aerosol in global models},
  volume =        {14},
  year =          {2014},
}

@article{mebust2003models,
  author =        {Mebust, Michelle R and Eder, Brian K and
                   Binkowski, Francis S and Roselle, Shawn J},
  journal =       {Journal of Geophysical Research: Atmospheres},
  number =        {D6},
  publisher =     {Wiley Online Library},
  title =         {Models-3 Community Multiscale Air Quality (CMAQ)
                   model aerosol component 2. Model evaluation},
  volume =        {108},
  year =          {2003},
}

@article{al2018survey,
  author =        {Al-Kaff, Abdulla and Martin, David and
                   Garcia, Fernando and de la Escalera, Arturo and
                   Armingol, Jos{\'e} Mar{\'\i}a},
  journal =       {Expert Systems with Applications},
  pages =         {447--463},
  publisher =     {Elsevier},
  title =         {Survey of computer vision algorithms and applications
                   for unmanned aerial vehicles},
  volume =        {92},
  year =          {2018},
}

@article{akbari2021applications,
  author =        {Akbari, Younes and Almaadeed, Noor and
                   Al-Maadeed, Somaya and Elharrouss, Omar},
  journal =       {Artificial Intelligence Review},
  pages =         {3887--3938},
  publisher =     {Springer},
  title =         {Applications, databases and open computer vision
                   research from drone videos and images: a survey},
  volume =        {54},
  year =          {2021},
}

